@article{vincent2010stacked,
  title={Stacked denoising autoencoders: Learning useful representations in a deep network with a local denoising criterion},
  author={Vincent, Pascal and Larochelle, Hugo and Lajoie, Isabelle and Bengio, Yoshua and Manzagol, Pierre-Antoine},
  journal={The Journal of Machine Learning Research},
  volume={11},
  pages={3371--3408},
  year={2010},
  publisher={JMLR. org}
}


@article{bengio2012rep,
  author    = {Yoshua Bengio and
               Aaron C. Courville and
               Pascal Vincent},
  title     = {Unsupervised Feature Learning and Deep Learning: {A} Review and New
               Perspectives},
  journal   = {CoRR},
  year      = {2012},
  volume    = {abs/1206.5538},
  url       = {http://arxiv.org/abs/1206.5538},
  timestamp = {Sun, 16 Nov 2014 23:59:03 +0100},
  biburl    = {http://dblp.uni-trier.de/rec/bib/journals/corr/abs-1206-5538},
  bibsource = {dblp computer science bibliography, http://dblp.org}
}
