@article{vincent2010stacked,
  title={Stacked denoising autoencoders: Learning useful representations in a deep network with a local denoising criterion},
  author={Vincent, Pascal and Larochelle, Hugo and Lajoie, Isabelle and Bengio, Yoshua and Manzagol, Pierre-Antoine},
  journal={The Journal of Machine Learning Research},
  volume={11},
  pages={3371--3408},
  year={2010},
  publisher={JMLR. org}
}


@article{bengio2012rep,
  author    = {Yoshua Bengio and
               Aaron C. Courville and
               Pascal Vincent},
  title     = {Unsupervised Feature Learning and Deep Learning: {A} Review and New
               Perspectives},
  journal   = {CoRR},
  year      = {2012},
  volume    = {abs/1206.5538},
  url       = {http://arxiv.org/abs/1206.5538},
  timestamp = {Sun, 16 Nov 2014 23:59:03 +0100},
  biburl    = {http://dblp.uni-trier.de/rec/bib/journals/corr/abs-1206-5538},
  bibsource = {dblp computer science bibliography, http://dblp.org}
}

@article{cantu1998survey,
  title={A survey of parallel genetic algorithms},
  author={Cant{\'u}-Paz, Erick},
  journal={Calculateurs paralleles, reseaux et systems repartis},
  volume={10},
  number={2},
  pages={141--171},
  year={1998}
}

@article{srinivas1994genetic,
  title={Genetic algorithms: A survey},
  author={Srinivas, Mandavilli and Patnaik, Lalit M},
  journal={Computer},
  volume={27},
  number={6},
  pages={17--26},
  year={1994},
  publisher={IEEE}
}

@inproceedings{hecht1989theory,
  title={Theory of the backpropagation neural network},
  author={Hecht-Nielsen, Robert},
  booktitle={Neural Networks, 1989. IJCNN., International Joint Conference on},
  pages={593--605},
  year={1989},
  organization={IEEE}
}

@article{hinton2006learning,
 author = {Hinton, Geoffrey E. and Osindero, Simon and Teh, Yee-Whye},
 title = {A Fast Learning Algorithm for Deep Belief Nets},
 journal = {Neural Comput.},
 issue_date = {July 2006},
 volume = {18},
 number = {7},
 month = jul,
 year = {2006},
 issn = {0899-7667},
 pages = {1527--1554},
 numpages = {28},
 url = {http://dx.doi.org/10.1162/neco.2006.18.7.1527},
 doi = {10.1162/neco.2006.18.7.1527},
 acmid = {1161605},
 publisher = {MIT Press},
 address = {Cambridge, MA, USA},
} 

@inproceedings{bottou-91c,
  author = {Bottou, {L\'eon}},
  title = {Stochastic Gradient Learning in Neural Networks},
  booktitle = {Proceedings of Neuro-N\^imes 91},
  year = {1991},
  address = {Nimes, France},
  publisher = {EC2},
  url = {http://leon.bottou.org/papers/bottou-91c},
}

